<record><leader>00000cas a22000007a 4500</leader><controlfield tag="001">34548747</controlfield><controlfield tag="008">960410d190u190uokuwr n       0    0eng d</controlfield><datafield ind1=" " ind2=" " tag="010"><subfield code="a">sn 96087677 </subfield></datafield><datafield ind1=" " ind2=" " tag="040"><subfield code="a">OBN</subfield><subfield code="b">eng</subfield><subfield code="c">OBN</subfield><subfield code="d">OCLCQ</subfield><subfield code="d">OCLCF</subfield><subfield code="d">OCLCO</subfield></datafield><datafield ind1="1" ind2=" " tag="029"><subfield code="a">AU@</subfield><subfield code="b">000025921244</subfield></datafield><datafield ind1=" " ind2=" " tag="042"><subfield code="a">msc</subfield></datafield><datafield ind1=" " ind2=" " tag="043"><subfield code="a">n-us-ok</subfield></datafield><datafield ind1="0" ind2="0" tag="245"><subfield code="a">Lawton weekly enterprise.</subfield></datafield><datafield ind1="3" ind2=" " tag="246"><subfield code="a">Enterprise</subfield></datafield><datafield ind1=" " ind2=" " tag="260"><subfield code="a">Lawton, Okla. :</subfield><subfield code="b">Lawton Pub. Co.</subfield></datafield><datafield ind1=" " ind2=" " tag="300"><subfield code="a">v.</subfield></datafield><datafield ind1=" " ind2=" " tag="310"><subfield code="a">Weekly</subfield></datafield><datafield ind1=" " ind2=" " tag="588"><subfield code="a">Description based on: Vol. 2, no. 80 (Feb. 13, 1903).</subfield></datafield><datafield ind1=" " ind2="0" tag="651"><subfield code="a">Lawton (Okla.)</subfield><subfield code="v">Newspapers.</subfield></datafield><datafield ind1=" " ind2="0" tag="651"><subfield code="a">Comanche County (Okla.)</subfield><subfield code="v">Newspapers.</subfield></datafield><datafield ind1=" " ind2="7" tag="655"><subfield code="a">Newspapers.</subfield><subfield code="2">fast</subfield><subfield code="0">(OCoLC)fst01423814</subfield></datafield><datafield ind1=" " ind2="7" tag="651"><subfield code="a">Oklahoma</subfield><subfield code="z">Comanche County.</subfield><subfield code="2">fast</subfield><subfield code="0">(OCoLC)fst01218116</subfield></datafield><datafield ind1=" " ind2="7" tag="651"><subfield code="a">Oklahoma</subfield><subfield code="z">Lawton.</subfield><subfield code="2">fast</subfield><subfield code="0">(OCoLC)fst01217418</subfield></datafield><datafield ind1=" " ind2=" " tag="752"><subfield code="a">United States</subfield><subfield code="b">Oklahoma</subfield><subfield code="c">Coanche</subfield><subfield code="d">Lawton.</subfield></datafield><datafield ind1="1" ind2=" " tag="775"><subfield code="t">Lawton daily enterprise</subfield><subfield code="w">(DLC)sn 96087676</subfield></datafield><datafield ind1="0" ind2="0" tag="780"><subfield code="t">Lawton lariat</subfield><subfield code="w">(DLC)sn 96087675</subfield><subfield code="w">(OCoLC)34548126</subfield></datafield></record>